<?xml version="1.0" encoding="UTF-8"?><collection xmlns="http://www.loc.gov/MARC21/slim"><record><leader>00509nam--2200193-u-4500</leader><controlfield tag="001">000054795</controlfield><controlfield tag="002">20161230</controlfield><controlfield tag="005">20161230201051</controlfield><controlfield tag="008">120614s1000------------r-----000-0-rus-d</controlfield><datafield ind1=" " ind2=" " tag="040"><subfield code="a">IFIN-HH</subfield></datafield><datafield ind1=" " ind2=" " tag="041"><subfield code="a">rus</subfield></datafield><datafield ind1=" " ind2=" " tag="080"><subfield code="a">539.172.12</subfield></datafield><datafield ind1="1" ind2=" " tag="100"><subfield code="a">Zaparov, E.A</subfield></datafield><datafield ind1="1" ind2="0" tag="245"><subfield code="a">Priamie reaktii i izomernie perehodi</subfield><subfield code="c">E.a. zaparov, yu.n. koblik, b.s. mazitov, g.a. radiuk</subfield></datafield><datafield ind1=" " ind2=" " tag="260"><subfield code="a">Taskent</subfield><subfield code="b">Fan</subfield><subfield code="c">1973</subfield></datafield><datafield ind1=" " ind2=" " tag="300"><subfield code="a">149P</subfield></datafield><datafield ind1="1" ind2=" " tag="700"><subfield code="a">Radiuk, G.A</subfield></datafield><datafield ind1=" " ind2=" " tag="852"><subfield code="a">42477</subfield><subfield code="c">539.17</subfield></datafield><datafield ind1=" " ind2=" " tag="CAT"><subfield code="a">Sys</subfield><subfield code="c">20120614</subfield><subfield code="h">094014</subfield></datafield></record></collection>